@inproceedings{NIPS2013_9aa42b31,
 author = {Mikolov, Tomas and Sutskever, Ilya and Chen, Kai and Corrado, Greg S and Dean, Jeff},
 booktitle = {Advances in Neural Information Processing Systems},
 editor = {C.J. Burges and L. Bottou and M. Welling and Z. Ghahramani and K.Q. Weinberger},
 pages = {},
 publisher = {Curran Associates, Inc.},
 title = {Distributed Representations of Words and Phrases and their Compositionality},
 url = {https://proceedings.neurips.cc/paper_files/paper/2013/file/9aa42b31882ec039965f3c4923ce901b-Paper.pdf},
 volume = {26},
 year = {2013}
}
